<?xml version="1.0" encoding="UTF-8"?><collection xmlns="http://www.loc.gov/MARC21/slim"><record><leader>00350nam--2200121-i-4500</leader><controlfield tag="001">000033535</controlfield><controlfield tag="002">20161230</controlfield><controlfield tag="005">20161230201039</controlfield><controlfield tag="008">060222s1000------------r-----000-0-eng-d</controlfield><datafield ind1=" " ind2=" " tag="100"><subfield code="a">Meyer Zur Capellen W</subfield></datafield><datafield ind1=" " ind2=" " tag="245"><subfield code="a">Integraltafeln.sammlung unbestimmter integrale elementarer funktion</subfield></datafield><datafield ind1=" " ind2=" " tag="260"><subfield code="a">Berlin, Springer-verlag, 1950. 292p. + Viii</subfield></datafield><datafield ind1=" " ind2=" " tag="852"><subfield code="a">734</subfield></datafield></record></collection>